<record><leader>01795cam a2200457 i 4500</leader><controlfield tag="001">6774974</controlfield><controlfield tag="003">OCoLC</controlfield><controlfield tag="005">20141217091110.0</controlfield><controlfield tag="008">140320s2015    enka     b    001 0 eng  </controlfield><datafield ind1=" " ind2=" " tag="010"><subfield code="a">  2014008579</subfield></datafield><datafield ind1=" " ind2=" " tag="015"><subfield code="a">GBB4A2587</subfield><subfield code="2">bnb</subfield></datafield><datafield ind1="7" ind2=" " tag="016"><subfield code="a">016873472</subfield><subfield code="2">Uk</subfield></datafield><datafield ind1=" " ind2=" " tag="020"><subfield code="a">9780415817783 (hardback)</subfield></datafield><datafield ind1=" " ind2=" " tag="020"><subfield code="a">0415817781 (hardback)</subfield></datafield><datafield ind1=" " ind2=" " tag="020"><subfield code="z">9780203583500 (ebook)</subfield></datafield><datafield ind1=" " ind2=" " tag="035"><subfield code="a">ocn881386357</subfield></datafield><datafield ind1=" " ind2=" " tag="040"><subfield code="a">DLC</subfield><subfield code="b">eng</subfield><subfield code="e">rda</subfield><subfield code="c">DLC</subfield><subfield code="d">OCLCO</subfield><subfield code="d">BDX</subfield><subfield code="d">OCLCF</subfield><subfield code="d">YDXCP</subfield><subfield code="d">UKMGB</subfield><subfield code="d">CDX</subfield><subfield code="d">AEU</subfield></datafield><datafield ind1=" " ind2=" " tag="042"><subfield code="a">pcc</subfield></datafield><datafield ind1=" " ind2=" " tag="043"><subfield code="a">d------</subfield></datafield><datafield ind1="0" ind2="0" tag="050"><subfield code="a">HD75</subfield><subfield code="b">.D4987 2015</subfield></datafield><datafield ind1="0" ind2="0" tag="082"><subfield code="a">339.509172/4</subfield><subfield code="2">23</subfield></datafield><datafield ind1=" " ind2=" " tag="090"><subfield code="a">HD75 .P467 2015</subfield><subfield code="b">AEGMCT</subfield></datafield><datafield ind1="1" ind2=" " tag="100"><subfield code="a">Pereira, Luiz Carlos Bresser,</subfield><subfield code="e">author.</subfield></datafield><datafield ind1="1" ind2="0" tag="245"><subfield code="a">Developmental macroeconomics :</subfield><subfield code="b">new developmentalism as a growth strategy /</subfield><subfield code="c">Luiz Carlos Bresser-Pereira, Jos&#233; Lu&#237;s Oreiro and Nelson Marconi.</subfield></datafield><datafield ind1=" " ind2="1" tag="264"><subfield code="a">Abingdon, Oxon ;</subfield><subfield code="a">New York, NY :</subfield><subfield code="b">Routledge, Taylor &amp; Francis Group,</subfield><subfield code="c">2015.</subfield></datafield><datafield ind1=" " ind2=" " tag="300"><subfield code="a">xx, 187 pages :</subfield><subfield code="b">illustrations ;</subfield><subfield code="c">24 cm</subfield></datafield><datafield ind1=" " ind2=" " tag="336"><subfield code="a">text</subfield><subfield code="b">txt</subfield><subfield code="2">rdacontent</subfield></datafield><datafield ind1=" " ind2=" " tag="337"><subfield code="a">unmediated</subfield><subfield code="b">n</subfield><subfield code="2">rdamedia</subfield></datafield><datafield ind1=" " ind2=" " tag="338"><subfield code="a">volume</subfield><subfield code="b">nc</subfield><subfield code="2">rdacarrier</subfield></datafield><datafield ind1="1" ind2=" " tag="490"><subfield code="a">Routledge studies in development economics ;</subfield><subfield code="v">114</subfield></datafield><datafield ind1=" " ind2=" " tag="504"><subfield code="a">Includes bibliographical references (pages 180-184) and index.</subfield></datafield><datafield ind1=" " ind2=" " tag="596"><subfield code="a">29</subfield></datafield><datafield ind1=" " ind2="0" tag="650"><subfield code="a">Development economics.</subfield></datafield><datafield ind1=" " ind2="0" tag="650"><subfield code="a">Macroeconomics.</subfield></datafield><datafield ind1=" " ind2="0" tag="650"><subfield code="a">Foreign exchange rates</subfield><subfield code="z">Developing countries.</subfield></datafield><datafield ind1=" " ind2="0" tag="650"><subfield code="a">Economic development</subfield><subfield code="z">Developing countries.</subfield></datafield><datafield ind1="1" ind2=" " tag="700"><subfield code="a">Oreiro, Jos&#233; Lu&#237;s,</subfield><subfield code="e">author.</subfield></datafield><datafield ind1="1" ind2=" " tag="700"><subfield code="a">Marconi, Nelson,</subfield><subfield code="e">author.</subfield></datafield><datafield ind1=" " ind2="0" tag="830"><subfield code="a">Routledge studies in development economics ;</subfield><subfield code="v">114.</subfield></datafield><datafield ind1=" " ind2=" " tag="949"><subfield code="a">HD75 .P467 2015</subfield><subfield code="h">GMCT-OS-B</subfield><subfield code="i">1007433137</subfield><subfield code="p">169.67</subfield><subfield code="k">AVAIL_SOON</subfield></datafield><datafield ind1=" " ind2=" " tag="926"><subfield code="a">HD75 .P467 2015</subfield><subfield code="w">LC</subfield><subfield code="c">1</subfield><subfield code="i">1007433137</subfield><subfield code="d">1/20/2015</subfield><subfield code="l">ON_SHELF</subfield><subfield code="m">GR_MACEWAN</subfield><subfield code="p">$161.59</subfield><subfield code="r">Y</subfield><subfield code="s">Y</subfield><subfield code="t">BOOK</subfield><subfield code="u">1/13/2015</subfield></datafield></record>